<record><leader>00000cas a22000007a 4500</leader><controlfield tag="001">16909631</controlfield><controlfield tag="008">871028d19071911inudn ne      0    0eng d</controlfield><datafield ind1=" " ind2=" " tag="010"><subfield code="a">sn 87056709 </subfield></datafield><datafield ind1=" " ind2=" " tag="040"><subfield code="a">NPI</subfield><subfield code="b">eng</subfield><subfield code="c">NPI</subfield><subfield code="d">OCLCQ</subfield><subfield code="d">IUL</subfield><subfield code="d">OCLCF</subfield></datafield><datafield ind1=" " ind2=" " tag="042"><subfield code="a">msc</subfield></datafield><datafield ind1=" " ind2=" " tag="043"><subfield code="a">n-us-in</subfield></datafield><datafield ind1="0" ind2=" " tag="130"><subfield code="a">Morning times (Huntington, Ind.)</subfield></datafield><datafield ind1="1" ind2="4" tag="245"><subfield code="a">The morning times.</subfield></datafield><datafield ind1="3" ind2="0" tag="246"><subfield code="a">Saturday times</subfield></datafield><datafield ind1=" " ind2=" " tag="260"><subfield code="a">Huntington, Ind. :</subfield><subfield code="b">Huntington Times Co.,</subfield><subfield code="c">1907-1911.</subfield></datafield><datafield ind1=" " ind2=" " tag="300"><subfield code="a">volumes</subfield></datafield><datafield ind1=" " ind2=" " tag="310"><subfield code="a">Daily (except Mon.)</subfield></datafield><datafield ind1="0" ind2=" " tag="362"><subfield code="a">Vol. 1, no. 1 (June 2, 1907)-v. 5, no. 119 (Aug. 19, 1911).</subfield></datafield><datafield ind1=" " ind2=" " tag="500"><subfield code="a">On Saturday published as: Saturday times, &lt;1908&gt;-1911.</subfield></datafield><datafield ind1=" " ind2="0" tag="651"><subfield code="a">Huntington (Ind.)</subfield><subfield code="v">Newspapers.</subfield></datafield><datafield ind1=" " ind2="0" tag="651"><subfield code="a">Huntington County (Ind.)</subfield><subfield code="v">Newspapers.</subfield></datafield><datafield ind1=" " ind2="7" tag="651"><subfield code="a">Indiana</subfield><subfield code="z">Huntington.</subfield><subfield code="2">fast</subfield><subfield code="0">(OCoLC)fst01213857</subfield></datafield><datafield ind1=" " ind2="7" tag="651"><subfield code="a">Indiana</subfield><subfield code="z">Huntington County.</subfield><subfield code="2">fast</subfield><subfield code="0">(OCoLC)fst01221015</subfield></datafield><datafield ind1=" " ind2="7" tag="655"><subfield code="a">Newspapers.</subfield><subfield code="2">fast</subfield><subfield code="0">(OCoLC)fst01423814</subfield></datafield><datafield ind1=" " ind2=" " tag="752"><subfield code="a">United States</subfield><subfield code="b">Indiana</subfield><subfield code="c">Huntington</subfield><subfield code="d">Huntington.</subfield></datafield><datafield ind1="0" ind2="7" tag="785"><subfield code="t">Daily news-Democrat (Huntington, Ind.)</subfield><subfield code="w">(DLC)sn 87056705</subfield><subfield code="w">(OCoLC)16909674</subfield></datafield><datafield ind1="0" ind2="7" tag="785"><subfield code="t">Morning times-Democrat</subfield><subfield code="w">(DLC)sn 87056703</subfield><subfield code="w">(OCoLC)16909612</subfield></datafield></record>